@online{ wiki,
  author = {{Alan Turing}},
  title = "Alan Turing --- {W}ikipedia{,} The Free Encyclopedia",
  year = "2020",
  url = "https://en.wikipedia.org/wiki/Alan_Turing",
  note = "[Online; accessed 05-October-2020]"
}
